@article{pothen1990partitioning,
  title={Partitioning sparse matrices with eigenvectors of graphs},
  author={Pothen, Alex and Simon, Horst D and Liou, Kang-Pu},
  journal={SIAM journal on matrix analysis and applications},
  volume={11},
  number={3},
  pages={430--452},
  year={1990},
  publisher={SIAM}
}